1904 3065
533 68 803 120 'capvt
863 80 957 125 xx.
1030 93 1035 98 -
1386 68 1490 134 165<

59 166 390 229 humanitas.
423 167 482 226 Si
499 170 686 227 vicinis
713 165 934 245 regibus
962 164 1114 230 labin
1132 189 1258 229 cum
1275 164 1459 225 foede-

59 256 188 310 ratis
206 296 222 320 ,
242 271 492 331 quotum
522 270 671 309 nunc
686 247 747 306 fit
764 254 978 316 mentio
997 294 1013 317 ,
1030 247 1241 310 socium
1259 249 1306 307 se
1325 246 1458 308 esset

98 333 324 393 rofess'us
342 378 359 401 ,
379 337 604 414 grauior
618 328 941 390 incubuiiset
959 331 1083 391 belli
1102 333 1277 391 moles
1295 331 1456 390 lsrae-

52 352 156 472 litis
172 420 381 474 :maior
398 436 495 473 eos
522 413 830 473 sollicitudo
850 419 907 471 &
925 419 1161 473 anxietas
1177 411 1454 496 turbasset.

52 496 217 555 Facile
233 498 459 577 quidem
476 502 602 556 Deo
619 494 812 562 (inflet,
833 515 945 552 tam
960 495 1070 554 illas
1088 502 1337 576 ingentes
1355 519 1456 555 co-

49 582 166 658 pias
184 577 341 640 simul
354 581 700 661 prosternere
720 623 735 645 ‚
754 596 925 656 quarn
948 576 1207 637 discutere
1239 601 1452 638 metum

51 664 113 718 &
125 679 392 721 terrorem
413 661 626 721 :noluit
639 680 823 718 tamen
841 681 1035 740 praeter
1055 683 1106 716 m
1118 660 1294 719 odum
1325 661 1450 721 suos

50 740 263 823 alioqui
290 743 499 805 debiles
525 764 777 825 premere
794 786 809 809 ,
828 763 885 799 vt
904 747 1074 800 nimia
1098 743 1451 804 multitudine

51 823 270 885 obietsta
301 827 715 908 expauescetent
732 846 791 881 ac
817 824 1047 884 demum
1069 825 1447 884 conciderent:

47 903 139 966 fied
155 908 353 969 multas
371 903 561 989 gentes
583 928 704 986 quae
719 904 1105 988 &tempestiue
1124 929 1332 966 armare
1352 911 1452 968 de-

47 982 453 1070 buerant‚quafi
472 989 669 1071 sopitas
688 994 746 1047 &
762 994 1023 1046 attonitas
1043 994 1238 1047 tenuit:
1263 991 1450 1050 donec

46 1071 347 1153 insignibus
366 1076 606 1132 victoriis
622 1071 691 1131 ad
715 1069 927 1129 residua
957 1069 1097 1129 bella
1127 1075 1374 1152 gerenda
1390 1099 1447 1133 e·-

44 1150 216 1214 ledhis
236 1154 478 1238 populus
497 1152 799 1213 animosior
816 1151 988 1213 factus
1008 1153 1152 1212 effer.
1184 1155 1445 1236 Amplmn

45 1234 318 1296 ditionem
335 1240 540 1296 vastant
555 1260 616 1295 ac
630 1236 896 1317 diripiunt
910 1279 927 1303 ‚
946 1237 1205 1297 nudatam
1227 1238 1445 1308 incolis,

42 1322 103 1376 &
119 1318 322 1401 opibus
340 1325 668 1378 exinanitam
687 1318 1211 1398 relinquuntNemo
1232 1343 1294 1378 ex
1311 1327 1448 1380 viui·-

39 1404 125 1458 nis
145 1406 243 1477 qui
257 1424 390 1461 mox
408 1402 685 1484 impetum
701 1402 891 1460 facturi
909 1422 1060 1460 erant
1078 1446 1093 1470 ‚
1113 1402 1161 1461 se
1177 1424 1305 1461 com
1314 1426 1369 1460 m
1378 1428 1448 1463 o·-

42 1486 421 1556 u›et‚.R“euisunt
440 1485 608 1543 secuti
624 1504 823 1543 vxotes
842 1491 899 1542 &
919 1482 1257 1543 liberos‘.Vbi
1273 1485 1446 1545 colle-

35 1567 135 1623 etis
153 1570 347 1625 animis
363 1567 432 1627 ad
448 1587 669 1627 nouum
687 1565 893 1626 bellum
913 1571 1079 1648 parati
1093 1563 1449 1650 sunm-epea*

36 1665 87 1704 te
106 1648 349 1708 exoritur
366 1654 636 1709 maximus
652 1656 915 1709 exercitus
933 1671 996 1708 ex
1011 1649 1231 1709 diuersis
1247 1673 1440 1733 popu-

33 1726 94 1788 lis
111 1730 386 1791 conflatus
401 1778 416 1800 ,
436 1738 532 1812 qui
546 1732 810 1792 hastenus
826 1727 1157 1812 quiescendo
1175 1735 1437 1794 vincendi

31 1811 68 1870 s
91 1817 270 1873 acium
287 1813 575 1875 dederant.
611 1814 796 1897 Qod
822 1819 971 1873 enim
996 1813 1157 1874 serius
1177 1838 1438 1898 experge-

87 1897 159 1955 &i
175 1893 296 1957 sunt
309 1940 327 1966 ‚
344 1898 575 1979 perinde
587 1896 687 1957 fuit
704 1897 814 1956 acfi
841 1900 1010 1980 pastae
1036 1896 1255 1957 fuiffent
1270 1901 1437 1960 indu-

30 1982 139 2038 ciae.
152 1983 338 2058 Itaque
354 1985 506 2040 Deus
524 2002 645 2039 non
659 1979 874 2039 tantum
887 2003 994 2062 pto
1016 1980 1192 2040 electo
1213 1983 1433 2063 populo

28 2066 327 2140 pugnauit:
348 2061 436 2121 sed
454 2064 636 2122 hostes
650 2060 1114 2129 stindend0‚illius
1133 2069 1269 2123 vires
1290 2066 1433 2126 mul·

31 2144 97 2199 tis
118 2146 325 2202 vicibus
342 2150 853 2226 renouauit.Qam
870 2142 1236 2206 formidabilis
1255 2145 1432 2208 fuisset

29 2223 121 2281 hic
136 2225 387 2305 occutfias
405 2271 421 2294 ‚
440 2226 532 2285 nisi
551 2227 816 2309 paulatim
833 2225 1104 2288 assuefacti
1135 2229 1430 2290 fuiffentm

25 2305 220 2365 raelitae
232 2308 300 2366 ad
316 2313 600 2389 pugnandi
617 2310 899 2369 audaciam
914 2355 929 2380 ,
948 2318 1004 2369 &
1022 2310 1180 2372 simul
1198 2313 1431 2372 manife-

26 2388 169 2447 stum
186 2393 292 2447 Dei
308 2391 563 2450 auxilium
583 2399 804 2474 experti?
822 2393 1126 2456 Multitudo
1143 2393 1433 2460 confertur

28 2490 201 2530 atenae
217 2478 376 2532 maris
394 2518 410 2541 ,
429 2474 630 2534 deinde
649 2497 836 2534 currus
851 2483 908 2534 &
923 2481 1136 2555 equites
1158 2501 1180 2533 ε
1194 2499 1313 2556 quo
1331 2502 1429 2560 ap-

26 2573 218 2634 paratu
246 2561 447 2615 mitum
467 2555 570 2616 fuit
596 2579 714 2615 non
743 2561 1147 2637 exanimatiqui
1177 2564 1426 2637 equitatu}

26 2633 246 2715 prorsus
263 2638 538 2699 carebant.
569 2639 854 2699 Gradatim
869 2663 1001 2720 ergo
1020 2639 1279 2722 producti
1302 2643 1427 2705 sunt

25 2717 221 2800 quoad
233 2718 444 2783 fetebat
459 2745 659 2785 eorum
676 2719 920 2787 facultas.
939 2726 1088 2785 Nam
1103 2745 1248 2800 certe
1267 2724 1423 2808 supe·-
